@book{DGE,
author = {"David J. Griffiths"},
title = {"Introduction To Electrodynamics"},
year = {"2013"},
OPTeditor = {"Reed College"},
OPTedition = {"4"},
OPTpublisher = {"Pearson"},
OPTurl = {"http://www-pnp.physics.ox.ac.uk/~gwenlan/teaching/EM/introduction-to-electrodynamics-d-j-griffiths-4ed.pdf"},
}