@book{nag101engineering,
  title={Engineering Thermodynamics, 5e},
  author={Nag, P.K.},
  isbn={9789332900998},
  url={https://books.google.co.in/books?id=yxVRAgAAQBAJ},
  year={2013},
  publisher={McGraw Hill Education}
}
