  @misc{ enwiki:1153405425,
    author = "{Wikipedia contributors}",
    title = "Equation of state --- {Wikipedia}{,} The Free Encyclopedia",
    year = "2023",
    howpublished = "\url{https://en.wikipedia.org/w/index.php?title=Equation_of_state&oldid=1153405425}",
    note = "[Online; accessed 13-June-2023]"
  }
  
    @misc{ enwiki:1141609317,
    author = "{Wikipedia contributors}",
    title = "Virial expansion --- {Wikipedia}{,} The Free Encyclopedia",
    year = "2023",
    howpublished = "\url{https://en.wikipedia.org/w/index.php?title=Virial_expansion&oldid=1141609317}",
    note = "[Online; accessed 13-June-2023]"
  }