@article{nair2018euler,
  title={Eulerâ€™s Identity},
  author={Nair, Nayana},
  journal={Lady Shri Ram College For Women Volume X 2018-2019},
  pages={1-4}
}

@book{nahin2011dr,
  title={Dr. Euler's fabulous formula: cures many mathematical ills},
  author={Nahin, Paul},
  volume={52},
  year={2011},
  publisher={Princeton University Press}
  
}

@book{stipp2017most,
  title={A most elegant equation: Euler's formula and the beauty of mathematics},
  author={Stipp, David},
  year={2017},
  publisher={Hachette UK}
}
