@article{doi:10.1021/ed045p351.1,
author = {Luder, W. F.},
title = {Ideal gas definition},
journal = {Journal of Chemical Education},
volume = {45},
number = {5},
pages = {351},
year = {1968},
doi = {10.1021/ed045p351.1},

URL = { 
        https://doi.org/10.1021/ed045p351.1
    
},
eprint = { 
        https://doi.org/10.1021/ed045p351.1
    
}

}

@article{doi:10.1021/ed062p399.1,
author = {Levine, S.},
title = {Derivation of the ideal gas law},
journal = {Journal of Chemical Education},
volume = {62},
number = {5},
pages = {399},
year = {1985},
doi = {10.1021/ed062p399.1},

URL = { 
        https://doi.org/10.1021/ed062p399.1
    
},
eprint = { 
        https://doi.org/10.1021/ed062p399.1
    
}

}
@article{PhysRevLett.60.249,
  title = {Measurement of the Universal Gas Constant $R$ Using a Spherical Acoustic Resonator},
  author = {Moldover, M. R. and Trusler, J. P. M. and Edwards, T. J. and Mehl, J. B. and Davis, R. S.},
  journal = {Phys. Rev. Lett.},
  volume = {60},
  issue = {4},
  pages = {249--252},
  numpages = {0},
  year = {1988},
  month = {Jan},
  publisher = {American Physical Society},
  doi = {10.1103/PhysRevLett.60.249},
  url = {https://link.aps.org/doi/10.1103/PhysRevLett.60.249}
}

