@article{Uhlenbeck1930,
    author = {Uhlenbeck, G. E. and Ornstein, L. S.},
    year = {1930},
    title = {On the theory of the Brownian motion},
    journal = {Physical Review},
    volume = {36},
    number = {5},
    pages = {823-841},
    note = {Cited By: 2885},
    language = {English},
    url = {www.scopus.com}
}

@article{terBraak1986,
    author = {ter Braak, C. J. F. and Looman, C. W. N.},
    year = {1986},
    title = {Weighted averaging, logistic regression and the Gaussian response model},
    journal = {Vegetatio},
    volume = {65},
    number = {1},
    pages = {3-11},
    note = {Cited By: 419},
    language = {English},
    url = {www.scopus.com}
}
