@article{MA1102,
  title={{MA1102 Classnotes Series and Matrices}},
  author={Arindama Singh},
  pages={89-91},
}
